@inproceedings{bowman-etal-2015-large,
  title     = {A large annotated corpus for learning natural language inference},
  author    = {Bowman, Samuel R.  and
               Angeli, Gabor  and
               Potts, Christopher  and
               Manning, Christopher D.},
  editor    = {M{\`a}rquez, Llu{\'\i}s  and
               Callison-Burch, Chris  and
               Su, Jian},
  booktitle = {Proceedings of the 2015 Conference on Empirical Methods in Natural Language Processing},
  month     = sep,
  year      = {2015},
  address   = {Lisbon, Portugal},
  publisher = {Association for Computational Linguistics},
  url       = {https://aclanthology.org/D15-1075},
  doi       = {10.18653/v1/D15-1075},
  pages     = {632--642}
}

@misc{brown2020language,
  title         = {Language Models are Few-Shot Learners},
  author        = {Tom B. Brown and Benjamin Mann and Nick Ryder and Melanie Subbiah and Jared Kaplan and Prafulla Dhariwal and Arvind Neelakantan and Pranav Shyam and Girish Sastry and Amanda Askell and Sandhini Agarwal and Ariel Herbert-Voss and Gretchen Krueger and Tom Henighan and Rewon Child and Aditya Ramesh and Daniel M. Ziegler and Jeffrey Wu and Clemens Winter and Christopher Hesse and Mark Chen and Eric Sigler and Mateusz Litwin and Scott Gray and Benjamin Chess and Jack Clark and Christopher Berner and Sam McCandlish and Alec Radford and Ilya Sutskever and Dario Amodei},
  year          = {2020},
  eprint        = {2005.14165},
  archiveprefix = {arXiv},
  primaryclass  = {cs.CL}
}

@misc{clark2020electra,
  title         = {ELECTRA: Pre-training Text Encoders as Discriminators Rather Than Generators},
  author        = {Kevin Clark and Minh-Thang Luong and Quoc V. Le and Christopher D. Manning},
  year          = {2020},
  eprint        = {2003.10555},
  archiveprefix = {arXiv},
  primaryclass  = {cs.CL}
}

@misc{gardner2020evaluating,
  title         = {Evaluating Models' Local Decision Boundaries via Contrast Sets},
  author        = {Matt Gardner and Yoav Artzi and Victoria Basmova and Jonathan Berant and Ben Bogin and Sihao Chen and Pradeep Dasigi and Dheeru Dua and Yanai Elazar and Ananth Gottumukkala and Nitish Gupta and Hanna Hajishirzi and Gabriel Ilharco and Daniel Khashabi and Kevin Lin and Jiangming Liu and Nelson F. Liu and Phoebe Mulcaire and Qiang Ning and Sameer Singh and Noah A. Smith and Sanjay Subramanian and Reut Tsarfaty and Eric Wallace and Ally Zhang and Ben Zhou},
  year          = {2020},
  eprint        = {2004.02709},
  archiveprefix = {arXiv},
  primaryclass  = {cs.CL}
}

@misc{glockner2018breaking,
  title         = {Breaking NLI Systems with Sentences that Require Simple Lexical Inferences},
  author        = {Max Glockner and Vered Shwartz and Yoav Goldberg},
  year          = {2018},
  eprint        = {1805.02266},
  archiveprefix = {arXiv},
  primaryclass  = {cs.CL}
}

@misc{naveed2023comprehensive,
  title         = {A Comprehensive Overview of Large Language Models},
  author        = {Humza Naveed and Asad Ullah Khan and Shi Qiu and Muhammad Saqib and Saeed Anwar and Muhammad Usman and Naveed Akhtar and Nick Barnes and Ajmal Mian},
  year          = {2023},
  eprint        = {2307.06435},
  archiveprefix = {arXiv},
  primaryclass  = {cs.CL}
}

@misc{jia2017adversarial,
      title={Adversarial Examples for Evaluating Reading Comprehension Systems}, 
      author={Robin Jia and Percy Liang},
      year={2017},
      eprint={1707.07328},
      archivePrefix={arXiv},
      primaryClass={cs.CL}
}

@misc{openai2023gpt4,
      title={GPT-4 Technical Report}, 
      author={OpenAI},
      year={2023},
      eprint={2303.08774},
      archivePrefix={arXiv},
      primaryClass={cs.CL}
}


